@book{semadeni1971banach,
	title={Banach Spaces of Continuous Functions},
	author={Semadeni, Z.},
	number={v. 1},
	lccn={lc72176494},
	series={Banach Spaces of Continuous Functions},
	year={1971},
	publisher={PWN Polish Scientific Publishers}
}

@book{gillman2018rings,
	title={Rings of Continuous Functions},
	author={Gillman, L. and Jerison, M.},
	isbn={9780486816883},
	lccn={2017031467},
	series={Dover Books on Mathematics},
	year={2018},
	publisher={Dover Publications}
}

@book{carothers2000real,
	title={Real Analysis},
	author={Carothers, N.L.},
	isbn={9781139643160},
	year={2000},
	publisher={Cambridge University Press}
}

@book{simmons1983introduction,
	title={Introduction to Topology and Modern Analysis},
	author={Simmons, G.F.},
	isbn={9780898745511},
	lccn={82014845},
	series={International Series in Pure and Applied Mathematics},
	year={1983},
	publisher={R.E. Krieger Publishing Company}
}


@incollection{stone1962generalized,
	pages={30--87},
	title={A Generalized Weierstrass Approximation Theorem},
	author={Stone, M.H.},
	booktitle={Studies in Modern Analysis},
	editor={Buck, R.C.},
	type={Book Section},
	series={Studies in mathematics},
	volume={1},
	edition={Reprint Edition},
	year={1962},
	publisher={Mathematical Association of America}
}